%YAML 1.1
%TAG !u! tag:unity3d.com,2011:
--- !u!1 &115359222608239432
GameObject:
  m_ObjectHideFlags: 0
  m_CorrespondingSourceObject: {fileID: 0}
  m_PrefabInstance: {fileID: 0}
  m_PrefabAsset: {fileID: 0}
  serializedVersion: 6
  m_Component:
  - component: {fileID: 4017931335002220891}
  - component: {fileID: 4589469099892801439}
  m_Layer: 0
  m_Name: Sportscar_Body
  m_TagString: Untagged
  m_Icon: {fileID: 0}
  m_NavMeshLayer: 0
  m_StaticEditorFlags: 0
  m_IsActive: 1
--- !u!4 &4017931335002220891
Transform:
  m_ObjectHideFlags: 0
  m_CorrespondingSourceObject: {fileID: 0}
  m_PrefabInstance: {fileID: 0}
  m_PrefabAsset: {fileID: 0}
  m_GameObject: {fileID: 115359222608239432}
  m_LocalRotation: {x: -0, y: -0.9066397, z: -0, w: 0.4219058}
  m_LocalPosition: {x: 232.052, y: 0.078, z: -123.735}
  m_LocalScale: {x: 1, y: 1, z: 1}
  m_Children:
  - {fileID: 2622500291646266746}
  - {fileID: 1548843547087493739}
  - {fileID: 4739928681241032233}
  - {fileID: 5721736329013919651}
  - {fileID: 1264037139659734426}
  - {fileID: 1323144162863388361}
  - {fileID: 6204728925819559888}
  m_Father: {fileID: 0}
  m_RootOrder: 0
  m_LocalEulerAnglesHint: {x: 0, y: -130.09001, z: 0}
--- !u!205 &4589469099892801439
LODGroup:
  m_ObjectHideFlags: 0
  m_CorrespondingSourceObject: {fileID: 0}
  m_PrefabInstance: {fileID: 0}
  m_PrefabAsset: {fileID: 0}
  m_GameObject: {fileID: 115359222608239432}
  serializedVersion: 2
  m_LocalReferencePoint: {x: 0, y: 0.78212583, z: 0.000039815903}
  m_Size: 4.8070526
  m_FadeMode: 0
  m_AnimateCrossFading: 0
  m_LastLODIsBillboard: 0
  m_LODs:
  - screenRelativeHeight: 0.25
    fadeTransitionWidth: 0
    renderers:
    - renderer: {fileID: 4857405273084802032}
  - screenRelativeHeight: 0.125
    fadeTransitionWidth: 0
    renderers:
    - renderer: {fileID: 4609765531634767694}
  - screenRelativeHeight: 0.01
    fadeTransitionWidth: 0
    renderers:
    - renderer: {fileID: 2498958031707644162}
  m_Enabled: 1
--- !u!1 &225256459836280235
GameObject:
  m_ObjectHideFlags: 0
  m_CorrespondingSourceObject: {fileID: 0}
  m_PrefabInstance: {fileID: 0}
  m_PrefabAsset: {fileID: 0}
  serializedVersion: 6
  m_Component:
  - component: {fileID: 4739928681241032233}
  - component: {fileID: 2766918210959423593}
  - component: {fileID: 2498958031707644162}
  m_Layer: 0
  m_Name: Sportscar_LOD2
  m_TagString: Untagged
  m_Icon: {fileID: 0}
  m_NavMeshLayer: 0
  m_StaticEditorFlags: 0
  m_IsActive: 1
--- !u!4 &4739928681241032233
Transform:
  m_ObjectHideFlags: 0
  m_CorrespondingSourceObject: {fileID: 0}
  m_PrefabInstance: {fileID: 0}
  m_PrefabAsset: {fileID: 0}
  m_GameObject: {fileID: 225256459836280235}
  m_LocalRotation: {x: 0, y: -0, z: -0, w: 1}
  m_LocalPosition: {x: -0, y: 0, z: 0}
  m_LocalScale: {x: 1, y: 1, z: 1}
  m_Children: []
  m_Father: {fileID: 4017931335002220891}
  m_RootOrder: 2
  m_LocalEulerAnglesHint: {x: 0, y: 0, z: 0}
--- !u!33 &2766918210959423593
MeshFilter:
  m_ObjectHideFlags: 0
  m_CorrespondingSourceObject: {fileID: 0}
  m_PrefabInstance: {fileID: 0}
  m_PrefabAsset: {fileID: 0}
  m_GameObject: {fileID: 225256459836280235}
  m_Mesh: {fileID: 8230533401600108716, guid: 0d2f3cc627a72ae40b75467abdcec74a, type: 3}
--- !u!23 &2498958031707644162
MeshRenderer:
  m_ObjectHideFlags: 0
  m_CorrespondingSourceObject: {fileID: 0}
  m_PrefabInstance: {fileID: 0}
  m_PrefabAsset: {fileID: 0}
  m_GameObject: {fileID: 225256459836280235}
  m_Enabled: 1
  m_CastShadows: 1
  m_ReceiveShadows: 1
  m_DynamicOccludee: 1
  m_MotionVectors: 1
  m_LightProbeUsage: 1
  m_ReflectionProbeUsage: 1
  m_RayTracingMode: 2
  m_RenderingLayerMask: 1
  m_RendererPriority: 0
  m_Materials:
  - {fileID: 2100000, guid: 53eb287f7456c82428d73dc73c913185, type: 2}
  - {fileID: 2100000, guid: d1d23174728965c48813a49ad9a36779, type: 2}
  m_StaticBatchInfo:
    firstSubMesh: 0
    subMeshCount: 0
  m_StaticBatchRoot: {fileID: 0}
  m_ProbeAnchor: {fileID: 0}
  m_LightProbeVolumeOverride: {fileID: 0}
  m_ScaleInLightmap: 1
  m_ReceiveGI: 1
  m_PreserveUVs: 0
  m_IgnoreNormalsForChartDetection: 0
  m_ImportantGI: 0
  m_StitchLightmapSeams: 1
  m_SelectedEditorRenderState: 3
  m_MinimumChartSize: 4
  m_AutoUVMaxDistance: 0.5
  m_AutoUVMaxAngle: 89
  m_LightmapParameters: {fileID: 0}
  m_SortingLayerID: 0
  m_SortingLayer: 0
  m_SortingOrder: 0
--- !u!1 &508808014987112429
GameObject:
  m_ObjectHideFlags: 0
  m_CorrespondingSourceObject: {fileID: 0}
  m_PrefabInstance: {fileID: 0}
  m_PrefabAsset: {fileID: 0}
  serializedVersion: 6
  m_Component:
  - component: {fileID: 2622500291646266746}
  - component: {fileID: 2853944927118510504}
  - component: {fileID: 4857405273084802032}
  m_Layer: 0
  m_Name: Sportscar_LOD0
  m_TagString: Untagged
  m_Icon: {fileID: 0}
  m_NavMeshLayer: 0
  m_StaticEditorFlags: 0
  m_IsActive: 1
--- !u!4 &2622500291646266746
Transform:
  m_ObjectHideFlags: 0
  m_CorrespondingSourceObject: {fileID: 0}
  m_PrefabInstance: {fileID: 0}
  m_PrefabAsset: {fileID: 0}
  m_GameObject: {fileID: 508808014987112429}
  m_LocalRotation: {x: 0, y: -0, z: -0, w: 1}
  m_LocalPosition: {x: -0, y: 0, z: 0}
  m_LocalScale: {x: 1, y: 1, z: 1}
  m_Children: []
  m_Father: {fileID: 4017931335002220891}
  m_RootOrder: 0
  m_LocalEulerAnglesHint: {x: 0, y: 0, z: 0}
--- !u!33 &2853944927118510504
MeshFilter:
  m_ObjectHideFlags: 0
  m_CorrespondingSourceObject: {fileID: 0}
  m_PrefabInstance: {fileID: 0}
  m_PrefabAsset: {fileID: 0}
  m_GameObject: {fileID: 508808014987112429}
  m_Mesh: {fileID: -1896738619171674776, guid: 0d2f3cc627a72ae40b75467abdcec74a, type: 3}
--- !u!23 &4857405273084802032
MeshRenderer:
  m_ObjectHideFlags: 0
  m_CorrespondingSourceObject: {fileID: 0}
  m_PrefabInstance: {fileID: 0}
  m_PrefabAsset: {fileID: 0}
  m_GameObject: {fileID: 508808014987112429}
  m_Enabled: 1
  m_CastShadows: 1
  m_ReceiveShadows: 1
  m_DynamicOccludee: 1
  m_MotionVectors: 1
  m_LightProbeUsage: 1
  m_ReflectionProbeUsage: 1
  m_RayTracingMode: 2
  m_RenderingLayerMask: 1
  m_RendererPriority: 0
  m_Materials:
  - {fileID: 2100000, guid: 53eb287f7456c82428d73dc73c913185, type: 2}
  - {fileID: 2100000, guid: d1d23174728965c48813a49ad9a36779, type: 2}
  m_StaticBatchInfo:
    firstSubMesh: 0
    subMeshCount: 0
  m_StaticBatchRoot: {fileID: 0}
  m_ProbeAnchor: {fileID: 0}
  m_LightProbeVolumeOverride: {fileID: 0}
  m_ScaleInLightmap: 1
  m_ReceiveGI: 1
  m_PreserveUVs: 0
  m_IgnoreNormalsForChartDetection: 0
  m_ImportantGI: 0
  m_StitchLightmapSeams: 1
  m_SelectedEditorRenderState: 3
  m_MinimumChartSize: 4
  m_AutoUVMaxDistance: 0.5
  m_AutoUVMaxAngle: 89
  m_LightmapParameters: {fileID: 0}
  m_SortingLayerID: 0
  m_SortingLayer: 0
  m_SortingOrder: 0
--- !u!1 &8456918387389693522
GameObject:
  m_ObjectHideFlags: 0
  m_CorrespondingSourceObject: {fileID: 0}
  m_PrefabInstance: {fileID: 0}
  m_PrefabAsset: {fileID: 0}
  serializedVersion: 6
  m_Component:
  - component: {fileID: 1548843547087493739}
  - component: {fileID: 399697356693887143}
  - component: {fileID: 4609765531634767694}
  m_Layer: 0
  m_Name: Sportscar_LOD1
  m_TagString: Untagged
  m_Icon: {fileID: 0}
  m_NavMeshLayer: 0
  m_StaticEditorFlags: 0
  m_IsActive: 1
--- !u!4 &1548843547087493739
Transform:
  m_ObjectHideFlags: 0
  m_CorrespondingSourceObject: {fileID: 0}
  m_PrefabInstance: {fileID: 0}
  m_PrefabAsset: {fileID: 0}
  m_GameObject: {fileID: 8456918387389693522}
  m_LocalRotation: {x: 0, y: -0, z: -0, w: 1}
  m_LocalPosition: {x: -0, y: 0, z: 0}
  m_LocalScale: {x: 1, y: 1, z: 1}
  m_Children: []
  m_Father: {fileID: 4017931335002220891}
  m_RootOrder: 1
  m_LocalEulerAnglesHint: {x: 0, y: 0, z: 0}
--- !u!33 &399697356693887143
MeshFilter:
  m_ObjectHideFlags: 0
  m_CorrespondingSourceObject: {fileID: 0}
  m_PrefabInstance: {fileID: 0}
  m_PrefabAsset: {fileID: 0}
  m_GameObject: {fileID: 8456918387389693522}
  m_Mesh: {fileID: -214723169955391776, guid: 0d2f3cc627a72ae40b75467abdcec74a, type: 3}
--- !u!23 &4609765531634767694
MeshRenderer:
  m_ObjectHideFlags: 0
  m_CorrespondingSourceObject: {fileID: 0}
  m_PrefabInstance: {fileID: 0}
  m_PrefabAsset: {fileID: 0}
  m_GameObject: {fileID: 8456918387389693522}
  m_Enabled: 1
  m_CastShadows: 1
  m_ReceiveShadows: 1
  m_DynamicOccludee: 1
  m_MotionVectors: 1
  m_LightProbeUsage: 1
  m_ReflectionProbeUsage: 1
  m_RayTracingMode: 2
  m_RenderingLayerMask: 1
  m_RendererPriority: 0
  m_Materials:
  - {fileID: 2100000, guid: 53eb287f7456c82428d73dc73c913185, type: 2}
  - {fileID: 2100000, guid: d1d23174728965c48813a49ad9a36779, type: 2}
  m_StaticBatchInfo:
    firstSubMesh: 0
    subMeshCount: 0
  m_StaticBatchRoot: {fileID: 0}
  m_ProbeAnchor: {fileID: 0}
  m_LightProbeVolumeOverride: {fileID: 0}
  m_ScaleInLightmap: 1
  m_ReceiveGI: 1
  m_PreserveUVs: 0
  m_IgnoreNormalsForChartDetection: 0
  m_ImportantGI: 0
  m_StitchLightmapSeams: 1
  m_SelectedEditorRenderState: 3
  m_MinimumChartSize: 4
  m_AutoUVMaxDistance: 0.5
  m_AutoUVMaxAngle: 89
  m_LightmapParameters: {fileID: 0}
  m_SortingLayerID: 0
  m_SortingLayer: 0
  m_SortingOrder: 0
--- !u!1001 &728743313754805433
PrefabInstance:
  m_ObjectHideFlags: 0
  serializedVersion: 2
  m_Modification:
    m_TransformParent: {fileID: 4017931335002220891}
    m_Modifications:
    - target: {fileID: -4216859302048453862, guid: 4e50cca4c86189149b03c33b78570b31,
        type: 3}
      propertyPath: m_RootOrder
      value: 3
      objectReference: {fileID: 0}
    - target: {fileID: -4216859302048453862, guid: 4e50cca4c86189149b03c33b78570b31,
        type: 3}
      propertyPath: m_LocalPosition.x
      value: 0.846
      objectReference: {fileID: 0}
    - target: {fileID: -4216859302048453862, guid: 4e50cca4c86189149b03c33b78570b31,
        type: 3}
      propertyPath: m_LocalPosition.y
      value: 0.283
      objectReference: {fileID: 0}
    - target: {fileID: -4216859302048453862, guid: 4e50cca4c86189149b03c33b78570b31,
        type: 3}
      propertyPath: m_LocalPosition.z
      value: 1.541
      objectReference: {fileID: 0}
    - target: {fileID: -4216859302048453862, guid: 4e50cca4c86189149b03c33b78570b31,
        type: 3}
      propertyPath: m_LocalRotation.w
      value: 1
      objectReference: {fileID: 0}
    - target: {fileID: -4216859302048453862, guid: 4e50cca4c86189149b03c33b78570b31,
        type: 3}
      propertyPath: m_LocalRotation.x
      value: 0
      objectReference: {fileID: 0}
    - target: {fileID: -4216859302048453862, guid: 4e50cca4c86189149b03c33b78570b31,
        type: 3}
      propertyPath: m_LocalRotation.y
      value: -0
      objectReference: {fileID: 0}
    - target: {fileID: -4216859302048453862, guid: 4e50cca4c86189149b03c33b78570b31,
        type: 3}
      propertyPath: m_LocalRotation.z
      value: -0
      objectReference: {fileID: 0}
    - target: {fileID: -4216859302048453862, guid: 4e50cca4c86189149b03c33b78570b31,
        type: 3}
      propertyPath: m_LocalEulerAnglesHint.x
      value: 0
      objectReference: {fileID: 0}
    - target: {fileID: -4216859302048453862, guid: 4e50cca4c86189149b03c33b78570b31,
        type: 3}
      propertyPath: m_LocalEulerAnglesHint.y
      value: 0
      objectReference: {fileID: 0}
    - target: {fileID: -4216859302048453862, guid: 4e50cca4c86189149b03c33b78570b31,
        type: 3}
      propertyPath: m_LocalEulerAnglesHint.z
      value: 0
      objectReference: {fileID: 0}
    - target: {fileID: -927199367670048503, guid: 4e50cca4c86189149b03c33b78570b31,
        type: 3}
      propertyPath: m_Name
      value: Sportscar_Wheel
      objectReference: {fileID: 0}
    m_RemovedComponents: []
  m_SourcePrefab: {fileID: 100100000, guid: 4e50cca4c86189149b03c33b78570b31, type: 3}
--- !u!4 &5721736329013919651 stripped
Transform:
  m_CorrespondingSourceObject: {fileID: -4216859302048453862, guid: 4e50cca4c86189149b03c33b78570b31,
    type: 3}
  m_PrefabInstance: {fileID: 728743313754805433}
  m_PrefabAsset: {fileID: 0}
--- !u!1001 &1396420294562378954
PrefabInstance:
  m_ObjectHideFlags: 0
  serializedVersion: 2
  m_Modification:
    m_TransformParent: {fileID: 4017931335002220891}
    m_Modifications:
    - target: {fileID: -4216859302048453862, guid: 4e50cca4c86189149b03c33b78570b31,
        type: 3}
      propertyPath: m_RootOrder
      value: 6
      objectReference: {fileID: 0}
    - target: {fileID: -4216859302048453862, guid: 4e50cca4c86189149b03c33b78570b31,
        type: 3}
      propertyPath: m_LocalPosition.x
      value: -0.84
      objectReference: {fileID: 0}
    - target: {fileID: -4216859302048453862, guid: 4e50cca4c86189149b03c33b78570b31,
        type: 3}
      propertyPath: m_LocalPosition.y
      value: 0.283
      objectReference: {fileID: 0}
    - target: {fileID: -4216859302048453862, guid: 4e50cca4c86189149b03c33b78570b31,
        type: 3}
      propertyPath: m_LocalPosition.z
      value: -1.33
      objectReference: {fileID: 0}
    - target: {fileID: -4216859302048453862, guid: 4e50cca4c86189149b03c33b78570b31,
        type: 3}
      propertyPath: m_LocalRotation.w
      value: 1
      objectReference: {fileID: 0}
    - target: {fileID: -4216859302048453862, guid: 4e50cca4c86189149b03c33b78570b31,
        type: 3}
      propertyPath: m_LocalRotation.x
      value: 0
      objectReference: {fileID: 0}
    - target: {fileID: -4216859302048453862, guid: 4e50cca4c86189149b03c33b78570b31,
        type: 3}
      propertyPath: m_LocalRotation.y
      value: -0
      objectReference: {fileID: 0}
    - target: {fileID: -4216859302048453862, guid: 4e50cca4c86189149b03c33b78570b31,
        type: 3}
      propertyPath: m_LocalRotation.z
      value: -0
      objectReference: {fileID: 0}
    - target: {fileID: -4216859302048453862, guid: 4e50cca4c86189149b03c33b78570b31,
        type: 3}
      propertyPath: m_LocalEulerAnglesHint.x
      value: 0
      objectReference: {fileID: 0}
    - target: {fileID: -4216859302048453862, guid: 4e50cca4c86189149b03c33b78570b31,
        type: 3}
      propertyPath: m_LocalEulerAnglesHint.y
      value: 0
      objectReference: {fileID: 0}
    - target: {fileID: -4216859302048453862, guid: 4e50cca4c86189149b03c33b78570b31,
        type: 3}
      propertyPath: m_LocalEulerAnglesHint.z
      value: 0
      objectReference: {fileID: 0}
    - target: {fileID: -927199367670048503, guid: 4e50cca4c86189149b03c33b78570b31,
        type: 3}
      propertyPath: m_Name
      value: Sportscar_Wheel (3)
      objectReference: {fileID: 0}
    m_RemovedComponents: []
  m_SourcePrefab: {fileID: 100100000, guid: 4e50cca4c86189149b03c33b78570b31, type: 3}
--- !u!4 &6204728925819559888 stripped
Transform:
  m_CorrespondingSourceObject: {fileID: -4216859302048453862, guid: 4e50cca4c86189149b03c33b78570b31,
    type: 3}
  m_PrefabInstance: {fileID: 1396420294562378954}
  m_PrefabAsset: {fileID: 0}
--- !u!1001 &6120523673222256256
PrefabInstance:
  m_ObjectHideFlags: 0
  serializedVersion: 2
  m_Modification:
    m_TransformParent: {fileID: 4017931335002220891}
    m_Modifications:
    - target: {fileID: -4216859302048453862, guid: 4e50cca4c86189149b03c33b78570b31,
        type: 3}
      propertyPath: m_RootOrder
      value: 4
      objectReference: {fileID: 0}
    - target: {fileID: -4216859302048453862, guid: 4e50cca4c86189149b03c33b78570b31,
        type: 3}
      propertyPath: m_LocalPosition.x
      value: 0.846
      objectReference: {fileID: 0}
    - target: {fileID: -4216859302048453862, guid: 4e50cca4c86189149b03c33b78570b31,
        type: 3}
      propertyPath: m_LocalPosition.y
      value: 0.283
      objectReference: {fileID: 0}
    - target: {fileID: -4216859302048453862, guid: 4e50cca4c86189149b03c33b78570b31,
        type: 3}
      propertyPath: m_LocalPosition.z
      value: -1.326
      objectReference: {fileID: 0}
    - target: {fileID: -4216859302048453862, guid: 4e50cca4c86189149b03c33b78570b31,
        type: 3}
      propertyPath: m_LocalRotation.w
      value: 1
      objectReference: {fileID: 0}
    - target: {fileID: -4216859302048453862, guid: 4e50cca4c86189149b03c33b78570b31,
        type: 3}
      propertyPath: m_LocalRotation.x
      value: 0
      objectReference: {fileID: 0}
    - target: {fileID: -4216859302048453862, guid: 4e50cca4c86189149b03c33b78570b31,
        type: 3}
      propertyPath: m_LocalRotation.y
      value: -0
      objectReference: {fileID: 0}
    - target: {fileID: -4216859302048453862, guid: 4e50cca4c86189149b03c33b78570b31,
        type: 3}
      propertyPath: m_LocalRotation.z
      value: -0
      objectReference: {fileID: 0}
    - target: {fileID: -4216859302048453862, guid: 4e50cca4c86189149b03c33b78570b31,
        type: 3}
      propertyPath: m_LocalEulerAnglesHint.x
      value: 0
      objectReference: {fileID: 0}
    - target: {fileID: -4216859302048453862, guid: 4e50cca4c86189149b03c33b78570b31,
        type: 3}
      propertyPath: m_LocalEulerAnglesHint.y
      value: 0
      objectReference: {fileID: 0}
    - target: {fileID: -4216859302048453862, guid: 4e50cca4c86189149b03c33b78570b31,
        type: 3}
      propertyPath: m_LocalEulerAnglesHint.z
      value: 0
      objectReference: {fileID: 0}
    - target: {fileID: -927199367670048503, guid: 4e50cca4c86189149b03c33b78570b31,
        type: 3}
      propertyPath: m_Name
      value: Sportscar_Wheel (1)
      objectReference: {fileID: 0}
    m_RemovedComponents: []
  m_SourcePrefab: {fileID: 100100000, guid: 4e50cca4c86189149b03c33b78570b31, type: 3}
--- !u!4 &1264037139659734426 stripped
Transform:
  m_CorrespondingSourceObject: {fileID: -4216859302048453862, guid: 4e50cca4c86189149b03c33b78570b31,
    type: 3}
  m_PrefabInstance: {fileID: 6120523673222256256}
  m_PrefabAsset: {fileID: 0}
--- !u!1001 &6279834641377738195
PrefabInstance:
  m_ObjectHideFlags: 0
  serializedVersion: 2
  m_Modification:
    m_TransformParent: {fileID: 4017931335002220891}
    m_Modifications:
    - target: {fileID: -4216859302048453862, guid: 4e50cca4c86189149b03c33b78570b31,
        type: 3}
      propertyPath: m_RootOrder
      value: 5
      objectReference: {fileID: 0}
    - target: {fileID: -4216859302048453862, guid: 4e50cca4c86189149b03c33b78570b31,
        type: 3}
      propertyPath: m_LocalPosition.x
      value: -0.84
      objectReference: {fileID: 0}
    - target: {fileID: -4216859302048453862, guid: 4e50cca4c86189149b03c33b78570b31,
        type: 3}
      propertyPath: m_LocalPosition.y
      value: 0.283
      objectReference: {fileID: 0}
    - target: {fileID: -4216859302048453862, guid: 4e50cca4c86189149b03c33b78570b31,
        type: 3}
      propertyPath: m_LocalPosition.z
      value: 1.54
      objectReference: {fileID: 0}
    - target: {fileID: -4216859302048453862, guid: 4e50cca4c86189149b03c33b78570b31,
        type: 3}
      propertyPath: m_LocalRotation.w
      value: 1
      objectReference: {fileID: 0}
    - target: {fileID: -4216859302048453862, guid: 4e50cca4c86189149b03c33b78570b31,
        type: 3}
      propertyPath: m_LocalRotation.x
      value: 0
      objectReference: {fileID: 0}
    - target: {fileID: -4216859302048453862, guid: 4e50cca4c86189149b03c33b78570b31,
        type: 3}
      propertyPath: m_LocalRotation.y
      value: -0
      objectReference: {fileID: 0}
    - target: {fileID: -4216859302048453862, guid: 4e50cca4c86189149b03c33b78570b31,
        type: 3}
      propertyPath: m_LocalRotation.z
      value: -0
      objectReference: {fileID: 0}
    - target: {fileID: -4216859302048453862, guid: 4e50cca4c86189149b03c33b78570b31,
        type: 3}
      propertyPath: m_LocalEulerAnglesHint.x
      value: 0
      objectReference: {fileID: 0}
    - target: {fileID: -4216859302048453862, guid: 4e50cca4c86189149b03c33b78570b31,
        type: 3}
      propertyPath: m_LocalEulerAnglesHint.y
      value: 0
      objectReference: {fileID: 0}
    - target: {fileID: -4216859302048453862, guid: 4e50cca4c86189149b03c33b78570b31,
        type: 3}
      propertyPath: m_LocalEulerAnglesHint.z
      value: 0
      objectReference: {fileID: 0}
    - target: {fileID: -927199367670048503, guid: 4e50cca4c86189149b03c33b78570b31,
        type: 3}
      propertyPath: m_Name
      value: Sportscar_Wheel (2)
      objectReference: {fileID: 0}
    m_RemovedComponents: []
  m_SourcePrefab: {fileID: 100100000, guid: 4e50cca4c86189149b03c33b78570b31, type: 3}
--- !u!4 &1323144162863388361 stripped
Transform:
  m_CorrespondingSourceObject: {fileID: -4216859302048453862, guid: 4e50cca4c86189149b03c33b78570b31,
    type: 3}
  m_PrefabInstance: {fileID: 6279834641377738195}
  m_PrefabAsset: {fileID: 0}
